<?xml version="1.0" encoding="UTF-8"?>
<record>
  <leader>03530nas a2200781#c 4500</leader>
  <controlfield tag="003">DE-605</controlfield>
  <controlfield tag="005">20230801095401.0</controlfield>
  <controlfield tag="007">cr||||||||||||</controlfield>
  <controlfield tag="008">121008d19512004gw u||p|o ||| 0||||1ger c</controlfield>
  <controlfield tag="001">990193229450206441</controlfield>
  <datafield tag="016" ind1="7" ind2=" ">
    <subfield code="a">2685248-2</subfield>
    <subfield code="2">DE-600</subfield>
  </datafield>
  <datafield tag="016" ind1="7" ind2=" ">
    <subfield code="a">1026654807</subfield>
    <subfield code="2">DE-101</subfield>
  </datafield>
  <datafield tag="024" ind1="7" ind2=" ">
    <subfield code="2">urn</subfield>
    <subfield code="a">urn:nbn:de:hbz:6-85659520092</subfield>
  </datafield>
  <datafield tag="035" ind1=" " ind2=" ">
    <subfield code="a">(DE-599)ZDB2685248-2</subfield>
  </datafield>
  <datafield tag="035" ind1=" " ind2=" ">
    <subfield code="a">(OCoLC)1368849286</subfield>
  </datafield>
  <datafield tag="035" ind1=" " ind2=" ">
    <subfield code="a">(DE-600)2685248-2</subfield>
  </datafield>
  <datafield tag="035" ind1=" " ind2=" ">
    <subfield code="a">(DE-101)1026654807</subfield>
  </datafield>
  <datafield tag="040" ind1=" " ind2=" ">
    <subfield code="a">0006</subfield>
    <subfield code="b">ger</subfield>
    <subfield code="c">DE-101</subfield>
    <subfield code="d">9001</subfield>
  </datafield>
  <datafield tag="041" ind1=" " ind2=" ">
    <subfield code="a">ger</subfield>
  </datafield>
  <datafield tag="044" ind1=" " ind2=" ">
    <subfield code="c">XA-DXDE</subfield>
  </datafield>
  <datafield tag="084" ind1=" " ind2=" ">
    <subfield code="a">Westfalen</subfield>
    <subfield code="0">https://nwbib.de/spatial#N04</subfield>
    <subfield code="2">nwbib</subfield>
    <subfield code="0">https://portal.dnb.de/opac.htm?method=simpleSearch&amp;cqlMode=true&amp;query=idn=040657817</subfield>
    <subfield code="0">http://viaf.org/viaf/sourceID/DNB|040657817</subfield>
  </datafield>
  <datafield tag="084" ind1=" " ind2=" ">
    <subfield code="a">Landesbeschreibungen</subfield>
    <subfield code="0">https://nwbib.de/subjects#N102000</subfield>
    <subfield code="2">nwbib</subfield>
  </datafield>
  <datafield tag="084" ind1=" " ind2=" ">
    <subfield code="a">Bibliographien</subfield>
    <subfield code="0">https://nwbib.de/subjects#N101000</subfield>
    <subfield code="2">nwbib</subfield>
  </datafield>
  <datafield tag="084" ind1=" " ind2=" ">
    <subfield code="a">900</subfield>
    <subfield code="q">DE-600</subfield>
    <subfield code="2">sdnb</subfield>
  </datafield>
  <datafield tag="090" ind1=" " ind2=" ">
    <subfield code="n">dm</subfield>
    <subfield code="n">ld</subfield>
  </datafield>
  <datafield tag="245" ind1="0" ind2="0">
    <subfield code="a">Westfälische Bibliographie zur Geschichte, Landeskunde und Volkskunde</subfield>
  </datafield>
  <datafield tag="246" ind1="3" ind2=" ">
    <subfield code="a">Veröffentlichungen der Historischen Kommission für Westfalen / Westfälische Bibliographie zur Geschichte, Landeskunde und Volkskunde</subfield>
  </datafield>
  <datafield tag="264" ind1="3" ind2="1">
    <subfield code="a">Münster</subfield>
    <subfield code="b">Regensberg</subfield>
    <subfield code="a">Münster</subfield>
    <subfield code="b">Historische Kommission, Landschaftsverband Westfalen-Lippe</subfield>
    <subfield code="c">1951-2004</subfield>
  </datafield>
  <datafield tag="264" ind1="2" ind2="1">
    <subfield code="a">Münster</subfield>
    <subfield code="b">Regensberg</subfield>
    <subfield code="c">1951-1977</subfield>
  </datafield>
  <datafield tag="300" ind1=" " ind2=" ">
    <subfield code="a">Online-Ressource</subfield>
  </datafield>
  <datafield tag="336" ind1=" " ind2=" ">
    <subfield code="b">txt</subfield>
  </datafield>
  <datafield tag="337" ind1=" " ind2=" ">
    <subfield code="b">c</subfield>
  </datafield>
  <datafield tag="338" ind1=" " ind2=" ">
    <subfield code="b">cr</subfield>
  </datafield>
  <datafield tag="362" ind1="0" ind2=" ">
    <subfield code="a">1.1951/55; 2.1961/90; 3.1977; 4.2004=Register; damit Ersch. eingest.</subfield>
  </datafield>
  <datafield tag="363" ind1="0" ind2="0">
    <subfield code="8">1.1\x</subfield>
    <subfield code="a">1</subfield>
    <subfield code="i">1951/55</subfield>
  </datafield>
  <datafield tag="363" ind1="0" ind2="0">
    <subfield code="8">2.1\x</subfield>
    <subfield code="a">2</subfield>
    <subfield code="i">1961/90</subfield>
  </datafield>
  <datafield tag="363" ind1="0" ind2="0">
    <subfield code="8">3.1\x</subfield>
    <subfield code="a">3</subfield>
    <subfield code="i">1977</subfield>
  </datafield>
  <datafield tag="363" ind1="0" ind2="0">
    <subfield code="8">4.1\x</subfield>
    <subfield code="a">4</subfield>
    <subfield code="i">2004</subfield>
  </datafield>
  <datafield tag="689" ind1="0" ind2="0">
    <subfield code="a">Westfalen</subfield>
    <subfield code="D">g</subfield>
    <subfield code="0">(DE-588)4065781-4</subfield>
    <subfield code="0">https://portal.dnb.de/opac.htm?method=simpleSearch&amp;cqlMode=true&amp;query=idn=040657817</subfield>
    <subfield code="0">http://viaf.org/viaf/sourceID/DNB|040657817</subfield>
  </datafield>
  <datafield tag="689" ind1="0" ind2="1">
    <subfield code="a">Landeskunde</subfield>
    <subfield code="D">s</subfield>
    <subfield code="0">(DE-588)4073972-7</subfield>
    <subfield code="0">https://portal.dnb.de/opac.htm?method=simpleSearch&amp;cqlMode=true&amp;query=idn=040739724</subfield>
    <subfield code="0">http://viaf.org/viaf/sourceID/DNB|040739724</subfield>
    <subfield code="B">GND-040739724</subfield>
  </datafield>
  <datafield tag="689" ind1="0" ind2="2">
    <subfield code="a">Bibliographie 1800-1940</subfield>
    <subfield code="A">f</subfield>
  </datafield>
  <datafield tag="689" ind1="0" ind2="3">
    <subfield code="a">Online-Publikation</subfield>
    <subfield code="A">f</subfield>
  </datafield>
  <datafield tag="689" ind1="0" ind2=" ">
    <subfield code="5">DE-6</subfield>
    <subfield code="5">DE-605</subfield>
  </datafield>
  <datafield tag="689" ind1="1" ind2="0">
    <subfield code="a">Westfalen</subfield>
    <subfield code="D">g</subfield>
    <subfield code="0">(DE-588)4065781-4</subfield>
    <subfield code="0">https://portal.dnb.de/opac.htm?method=simpleSearch&amp;cqlMode=true&amp;query=idn=040657817</subfield>
    <subfield code="0">http://viaf.org/viaf/sourceID/DNB|040657817</subfield>
  </datafield>
  <datafield tag="689" ind1="1" ind2="1">
    <subfield code="a">Volkskunde</subfield>
    <subfield code="D">s</subfield>
    <subfield code="0">(DE-588)4078937-8</subfield>
    <subfield code="0">https://portal.dnb.de/opac.htm?method=simpleSearch&amp;cqlMode=true&amp;query=idn=040789373</subfield>
    <subfield code="0">http://viaf.org/viaf/sourceID/DNB|040789373</subfield>
    <subfield code="B">GND-040789373</subfield>
  </datafield>
  <datafield tag="689" ind1="1" ind2="2">
    <subfield code="a">Bibliographie 1800-1940</subfield>
    <subfield code="A">f</subfield>
  </datafield>
  <datafield tag="689" ind1="1" ind2="3">
    <subfield code="a">Online-Publikation</subfield>
    <subfield code="A">f</subfield>
  </datafield>
  <datafield tag="689" ind1="1" ind2=" ">
    <subfield code="5">DE-6</subfield>
    <subfield code="5">DE-605</subfield>
  </datafield>
  <datafield tag="689" ind1="2" ind2="0">
    <subfield code="a">Westfalen</subfield>
    <subfield code="D">g</subfield>
    <subfield code="0">(DE-588)4065781-4</subfield>
    <subfield code="0">https://portal.dnb.de/opac.htm?method=simpleSearch&amp;cqlMode=true&amp;query=idn=040657817</subfield>
    <subfield code="0">http://viaf.org/viaf/sourceID/DNB|040657817</subfield>
  </datafield>
  <datafield tag="689" ind1="2" ind2="1">
    <subfield code="a">Geschichte</subfield>
    <subfield code="A">z</subfield>
  </datafield>
  <datafield tag="689" ind1="2" ind2="2">
    <subfield code="a">Bibliographie 1800-1940</subfield>
    <subfield code="A">f</subfield>
  </datafield>
  <datafield tag="689" ind1="2" ind2="3">
    <subfield code="a">Online-Publikation</subfield>
    <subfield code="A">f</subfield>
  </datafield>
  <datafield tag="689" ind1="2" ind2=" ">
    <subfield code="5">DE-6</subfield>
    <subfield code="5">DE-605</subfield>
  </datafield>
  <datafield tag="960" ind1="1" ind2=" ">
    <subfield code="n">NWBib-6</subfield>
  </datafield>
  <datafield tag="960" ind1="1" ind2=" ">
    <subfield code="z">lzZDB</subfield>
  </datafield>
  <datafield tag="856" ind1="4" ind2="0">
    <subfield code="u">https://nbn-resolving.org/urn:nbn:de:hbz:6-85659520092</subfield>
    <subfield code="x">Resolving-System</subfield>
  </datafield>
  <datafield tag="856" ind1="4" ind2=" ">
    <subfield code="u">http://sammlungen.ulb.uni-muenster.de/urn/urn:nbn:de:hbz:6-85659520092</subfield>
    <subfield code="x">Digitalisierung</subfield>
    <subfield code="z">kostenfrei</subfield>
  </datafield>
  <datafield tag="710" ind1="2" ind2=" ">
    <subfield code="a">Historische Kommission für Westfalen</subfield>
    <subfield code="0">(DE-588)2140069-6</subfield>
    <subfield code="4">isb</subfield>
    <subfield code="0">https://portal.dnb.de/opac.htm?method=simpleSearch&amp;cqlMode=true&amp;query=idn=942193822</subfield>
    <subfield code="0">http://viaf.org/viaf/sourceID/DNB|942193822</subfield>
    <subfield code="B">GND-942193822</subfield>
  </datafield>
  <datafield tag="770" ind1="0" ind2="8">
    <subfield code="i">Digital. Grundwerk zu</subfield>
    <subfield code="t">Westfälische Bibliographie</subfield>
    <subfield code="d">Dortmund : Stadt- u. Landesbibl., 1954-1983</subfield>
    <subfield code="x">0510-3150</subfield>
    <subfield code="w">(DE-600)220081-8</subfield>
  </datafield>
  <datafield tag="776" ind1="0" ind2="8">
    <subfield code="i">Elektronische Reproduktion von</subfield>
    <subfield code="t">Westfälische Bibliographie zur Geschichte, Landeskunde und Volkskunde</subfield>
    <subfield code="d">Münster : Regensberg, 1951-2004</subfield>
    <subfield code="x">0508-590x</subfield>
    <subfield code="w">(DE-600)517706-6</subfield>
    <subfield code="0">http://worldcat.org/issn/0508-590x</subfield>
  </datafield>
  <datafield tag="648" ind1=" " ind2="7">
    <subfield code="a">Geschichte</subfield>
    <subfield code="9">rswk-swf</subfield>
    <subfield code="2">gnd</subfield>
  </datafield>
  <datafield tag="655" ind1=" " ind2="7">
    <subfield code="a">Zeitschrift</subfield>
    <subfield code="0">(DE-588)4067488-5</subfield>
    <subfield code="2">gnd-content</subfield>
  </datafield>
  <datafield tag="655" ind1=" " ind2="7">
    <subfield code="a">Bibliografie</subfield>
    <subfield code="y">1800-1940</subfield>
    <subfield code="0">(DE-588)4006432-3</subfield>
    <subfield code="2">gnd-content</subfield>
  </datafield>
  <datafield tag="500" ind1=" " ind2=" ">
    <subfield code="a">Gesehen am 08.10.12</subfield>
  </datafield>
  <datafield tag="515" ind1=" " ind2=" ">
    <subfield code="a">Ersch. in Lfg; springende Ersch.-Jahre</subfield>
  </datafield>
  <datafield tag="530" ind1=" " ind2=" ">
    <subfield code="a">Digitalisierte Ausg.: Münster : Universitäts- und Landesbibliothek, 2012. (Digitale Sammlungen der Universitäts- und Landesbibliothek Münster)</subfield>
  </datafield>
  <datafield tag="533" ind1=" " ind2=" ">
    <subfield code="7">c2012uuuu</subfield>
    <subfield code="a">Digitalisierte Ausg.</subfield>
    <subfield code="f">Digitale Sammlungen der Universitäts- und Landesbibliothek Münster</subfield>
  </datafield>
  <datafield tag="550" ind1=" " ind2=" ">
    <subfield code="a">Beteil. Körp. anfangs: Historische Kommission für Westfalen in Verbindung mit dem Verein für Geschichte und Altertumskunde Westfalens</subfield>
  </datafield>
  <datafield tag="MBD" ind1=" " ind2=" ">
    <subfield code="M">49HBZ_NETWORK</subfield>
    <subfield code="i">990193229450206441</subfield>
    <subfield code="n">HBZ Network</subfield>
  </datafield>
  <datafield tag="MBD" ind1=" " ind2=" ">
    <subfield code="M">49HBZ_BRIDGE_BDR</subfield>
    <subfield code="i">9937691007508</subfield>
    <subfield code="n">Bibliothek des Ruhrgebiets, Bochum</subfield>
  </datafield>
  <datafield tag="MBD" ind1=" " ind2=" ">
    <subfield code="M">49HBZ_ULM</subfield>
    <subfield code="i">991044950848906449</subfield>
    <subfield code="n">Universität Münster</subfield>
  </datafield>
  <datafield tag="MNG" ind1=" " ind2=" ">
    <subfield code="c">System</subfield>
    <subfield code="f">OTHER</subfield>
    <subfield code="i">marc21</subfield>
    <subfield code="h">20221031193600.0</subfield>
    <subfield code="k">01</subfield>
    <subfield code="e">false</subfield>
    <subfield code="d">2023-08-01 09:54:01 Europe/Berlin</subfield>
    <subfield code="g">019322945-HBZ01</subfield>
    <subfield code="j">90</subfield>
    <subfield code="a">import</subfield>
    <subfield code="b">2021-04-05 19:48:47 Europe/Berlin</subfield>
  </datafield>
  <datafield tag="POR" ind1=" " ind2=" ">
    <subfield code="j">LIzenzfreie Zeitschriften</subfield>
    <subfield code="x">System</subfield>
    <subfield code="a">53807024380006441</subfield>
    <subfield code="M">49HBZ_NETWORK</subfield>
    <subfield code="p">61738769100006441</subfield>
    <subfield code="q">Lizenzfreie Zeitschriften - Lizenzfreie E-Ressourcen der ZDB (lzzdb)</subfield>
    <subfield code="c">static</subfield>
    <subfield code="B">Selektionskennzeichen: lzzdb
NZ Phase 1 – Wave 1: NZ-P2E</subfield>
    <subfield code="A">49HBZ_UBK</subfield>
    <subfield code="A">49HBZ_DUE</subfield>
    <subfield code="A">49HBZ_ULB</subfield>
    <subfield code="A">49HBZ_UDE</subfield>
    <subfield code="y">2022-12-27 17:18:00 Europe/Berlin</subfield>
    <subfield code="w">2022-12-27 17:17:56 Europe/Berlin</subfield>
    <subfield code="D">https://eu04.alma.exlibrisgroup.com/view/uresolver/49HBZ_NETWORK/openurl?u.ignore_date_coverage=true&amp;portfolio_pid=53807024380006441&amp;Force_direct=true</subfield>
    <subfield code="v">System</subfield>
    <subfield code="z">2022-12-27 16:17:56</subfield>
    <subfield code="i">false</subfield>
    <subfield code="S">62738769090006441</subfield>
    <subfield code="d">https://hbz-network.userservices.exlibrisgroup.com/view/uresolver/49HBZ_NETWORK/openurl?u.ignore_date_coverage=true&amp;rft.mms_id=990193229450206441</subfield>
    <subfield code="b">Available</subfield>
    <subfield code="f">JOURNAL</subfield>
    <subfield code="e">http://sammlungen.ulb.uni-muenster.de/urn/urn:nbn:de:hbz:6-85659520092</subfield>
    <subfield code="8">53807024380006441</subfield>
  </datafield>
  <datafield tag="H52" ind1="8" ind2="1">
    <subfield code="b">BR003</subfield>
    <subfield code="c">UNASSIGNED</subfield>
    <subfield code="8">2214342300007508</subfield>
  </datafield>
  <datafield tag="HOL" ind1=" " ind2=" ">
    <subfield code="d">2023-04-07 18:22:54</subfield>
    <subfield code="8">2214342300007508</subfield>
    <subfield code="b">2023-04-07 18:22:54</subfield>
    <subfield code="M">49HBZ_BRIDGE_BDR</subfield>
    <subfield code="g">false</subfield>
    <subfield code="a">System</subfield>
    <subfield code="c">System</subfield>
  </datafield>
  <datafield tag="GST" ind1=" " ind2=" ">
    <subfield code="a">Empirische Kulturwissenschaft</subfield>
    <subfield code="A">GND</subfield>
    <subfield code="B">GND-040789373</subfield>
    <subfield code="C">450</subfield>
  </datafield>
  <datafield tag="GST" ind1=" " ind2=" ">
    <subfield code="a">Ethnographie</subfield>
    <subfield code="g">Volkskunde</subfield>
    <subfield code="A">GND</subfield>
    <subfield code="B">GND-040789373</subfield>
    <subfield code="C">450</subfield>
  </datafield>
  <datafield tag="GST" ind1=" " ind2=" ">
    <subfield code="a">Ethnografie</subfield>
    <subfield code="g">Volkskunde</subfield>
    <subfield code="A">GND</subfield>
    <subfield code="B">GND-040789373</subfield>
    <subfield code="C">450</subfield>
  </datafield>
  <datafield tag="GST" ind1=" " ind2=" ">
    <subfield code="a">Europäische Ethnologie</subfield>
    <subfield code="A">GND</subfield>
    <subfield code="B">GND-040789373</subfield>
    <subfield code="C">450</subfield>
  </datafield>
  <datafield tag="GST" ind1=" " ind2=" ">
    <subfield code="a">Folklore</subfield>
    <subfield code="g">Volkskunde</subfield>
    <subfield code="A">GND</subfield>
    <subfield code="B">GND-040789373</subfield>
    <subfield code="C">450</subfield>
  </datafield>
  <datafield tag="GST" ind1=" " ind2=" ">
    <subfield code="a">Gegenwartsvolkskunde</subfield>
    <subfield code="A">GND</subfield>
    <subfield code="B">GND-040789373</subfield>
    <subfield code="C">450</subfield>
  </datafield>
  <datafield tag="GST" ind1=" " ind2=" ">
    <subfield code="a">Kulturanthropologie</subfield>
    <subfield code="g">Volkskunde</subfield>
    <subfield code="A">GND</subfield>
    <subfield code="B">GND-040789373</subfield>
    <subfield code="C">450</subfield>
  </datafield>
  <datafield tag="GSI" ind1="7" ind2=" ">
    <subfield code="a">4078937-8</subfield>
    <subfield code="0">http://d-nb.info/gnd/4078937-8</subfield>
    <subfield code="2">gnd</subfield>
    <subfield code="A">GND</subfield>
    <subfield code="B">GND-040789373</subfield>
    <subfield code="C">024</subfield>
  </datafield>
  <datafield tag="GST" ind1=" " ind2=" ">
    <subfield code="a">Regionalkunde</subfield>
    <subfield code="A">GND</subfield>
    <subfield code="B">GND-040739724</subfield>
    <subfield code="C">450</subfield>
  </datafield>
  <datafield tag="GSI" ind1="7" ind2=" ">
    <subfield code="a">http://d-nb.info/gnd/4073972-7</subfield>
    <subfield code="2">uri</subfield>
    <subfield code="A">GND</subfield>
    <subfield code="B">GND-040739724</subfield>
    <subfield code="C">024</subfield>
  </datafield>
  <datafield tag="GKT" ind1="2" ind2=" ">
    <subfield code="a">Landschaftsverband Westfalen-Lippe</subfield>
    <subfield code="b">Historische Kommission für Westfalen</subfield>
    <subfield code="A">GND</subfield>
    <subfield code="B">GND-942193822</subfield>
    <subfield code="C">410</subfield>
  </datafield>
  <datafield tag="GKT" ind1="2" ind2=" ">
    <subfield code="a">Provinzialinstitut für Westfälische Landes- und Volksforschung</subfield>
    <subfield code="g">Münster (Westf)</subfield>
    <subfield code="b">Historische Kommission für Westfalen</subfield>
    <subfield code="A">GND</subfield>
    <subfield code="B">GND-942193822</subfield>
    <subfield code="C">410</subfield>
  </datafield>
  <datafield tag="GKT" ind1="2" ind2=" ">
    <subfield code="a">Historische Kommission Westfalens</subfield>
    <subfield code="g">Historische Kommission für Westfalen</subfield>
    <subfield code="A">GND</subfield>
    <subfield code="B">GND-942193822</subfield>
    <subfield code="C">410</subfield>
  </datafield>
  <datafield tag="GKT" ind1="2" ind2=" ">
    <subfield code="a">Provinzialinstitut für Westfälische Landes- und Volksforschung</subfield>
    <subfield code="g">Münster (Westf)</subfield>
    <subfield code="b">Historische Kommission Westfalens</subfield>
    <subfield code="A">GND</subfield>
    <subfield code="B">GND-942193822</subfield>
    <subfield code="C">410</subfield>
  </datafield>
  <datafield tag="GSI" ind1="7" ind2=" ">
    <subfield code="a">2140069-6</subfield>
    <subfield code="0">http://d-nb.info/gnd/2140069-6</subfield>
    <subfield code="2">gnd</subfield>
    <subfield code="A">GND</subfield>
    <subfield code="B">GND-942193822</subfield>
    <subfield code="C">024</subfield>
  </datafield>
  <datafield tag="GSI" ind1="7" ind2=" ">
    <subfield code="a">4065781-4</subfield>
    <subfield code="0">http://d-nb.info/gnd/4065781-4</subfield>
    <subfield code="2">gnd</subfield>
    <subfield code="A">GND</subfield>
    <subfield code="B">GND-040657817</subfield>
    <subfield code="C">024</subfield>
  </datafield>
  <datafield tag="GGN" ind1=" " ind2=" ">
    <subfield code="a">Provinz Westfalen</subfield>
    <subfield code="A">GND</subfield>
    <subfield code="B">GND-040657817</subfield>
    <subfield code="C">451</subfield>
  </datafield>
  <datafield tag="GGN" ind1=" " ind2=" ">
    <subfield code="a">Herzogtum Westfalen</subfield>
    <subfield code="A">GND</subfield>
    <subfield code="B">GND-040657817</subfield>
    <subfield code="C">451</subfield>
  </datafield>
  <datafield tag="GGN" ind1=" " ind2=" ">
    <subfield code="a">Westphalen</subfield>
    <subfield code="A">GND</subfield>
    <subfield code="B">GND-040657817</subfield>
    <subfield code="C">451</subfield>
  </datafield>
  <datafield tag="GGN" ind1=" " ind2=" ">
    <subfield code="a">Westphalie</subfield>
    <subfield code="A">GND</subfield>
    <subfield code="B">GND-040657817</subfield>
    <subfield code="C">451</subfield>
  </datafield>
</record>
